@misc{roesch_1999_snort,
	author = {Roesch, Martin},
	title = {Snort -Lightweight Intrusion Detection for Networks},
	url = {https://www.usenix.org/legacy/publications/library/proceedings/lisa99/full_papers/roesch/roesch.pdf},
	year = {1999}
}




@article{gmez_2009_design,
	author = {Gómez, J. and Gil, C. and Padilla, N. and Baños, R. and Jiménez, C.},
	pages = {515-522},
	title = {Design of a Snort-Based Hybrid Intrusion Detection System},
	doi = {10.1007/978-3-642-02481-8_75},
	urldate = {2022-12-30},
	year = {2009},
	journal = {Distributed Computing, Artificial Intelligence, Bioinformatics, Soft Computing, and Ambient Assisted Living}
}

@article{park_2016_performance,
	author = {Park, Wonhyung and Ahn, Seongjin},
	month = {02},
	pages = {241-252},
	title = {Performance Comparison and Detection Analysis in Snort and Suricata Environment},
	doi = {10.1007/s11277-016-3209-9},
	urldate = {2020-03-09},
	volume = {94},
	year = {2016},
	journal = {Wireless Personal Communications}
}


@article{mikail_2019_securing,
	author = {Mikail, Abdullahi and Pranggono, Bernardi},
	month = {03},
	pages = {6},
	title = {Securing Infrastructure-as-a-Service Public Clouds Using Security Onion},
	doi = {10.3390/asi2010006},
	url = {https://www.mdpi.com/403970},
	urldate = {2020-03-27},
	volume = {2},
	year = {2019},
	journal = {Applied System Innovation}
}
@misc{fekolkin_2015_intrusion,
	author = {Fekolkin, Roman},
	month = {01},
	title = {Intrusion Detection and Prevention Systems: Overview of Snort and Suricata},
	url = {https://www.researchgate.net/publication/297171228_Intrusion_Detection_and_Prevention_Systems_Overview_of_Snort_and_Suricata},
	urldate = {2022-12-30},
	year = {2015},
	organization = {ResearchGate}
}


@book{beale_2007_snort,
	author = {Beale, Jay and Baker, Andrew R and Esler, Joel},
	publisher = {Syngress},
	title = {Snort : IDS and IPS toolkit},
	year = {2007}
}


@article{albin_2012_a,
	author = {Albin, Eugene and Rowe, Neil C.},
	month = {03},
	title = {A Realistic Experimental Comparison of the Suricata and Snort Intrusion-Detection Systems},
	doi = {10.1109/waina.2012.29},
	year = {2012},
	journal = {2012 26th International Conference on Advanced Information Networking and Applications Workshops}
}


@article{sonar_2014_survey,
	title={A survey: DDOS attack on Internet of Things},
	author={Sonar, Krushang and Upadhyay, Hardik},
	journal={International Journal of Engineering Research and Development},
	volume={10},
	number={11},
	pages={58--63},
	year={2014}
}

@inproceedings{alenezi_2012_methodologies,
	title={Methodologies for detecting DoS/DDoS attacks against network servers},
	author={Alenezi, Mohammed and Reed, Martin J},
	booktitle={The Seventh International Conference on Systems and Networks Communications ICSNC},
	pages={92--98},
	year={2012}
}



@inproceedings{kumar_2007_smurf,
	title={Smurf-based distributed denial of service (ddos) attack amplification in internet},
	author={Kumar, Sanjeev},
	booktitle={Second International Conference on Internet Monitoring and Protection (ICIMP 2007)},
	pages={25--25},
	year={2007},
	organization={IEEE}
}



@inproceedings{lemon_2002_resisting,
	title={Resisting $\{$SYN$\}$ Flood $\{$DoS$\}$ Attacks with a $\{$SYN$\}$ Cache},
	author={Lemon, Jonathan},
	booktitle={BSDCon 2002 (BSDCon 2002)},
	year={2002}
}


@article{babu_2010_comprehensive,
	title={A comprehensive analysis of spoofing},
	author={Babu, P Ramesh and Bhaskari, D Lalitha and Satyanarayana, CH},
	journal={International Journal of Advanced Computer Science and Applications},
	volume={1},
	number={6},
	year={2010},
	publisher={Science and Information (SAI) Organization Limited}
}


@article{kumar_2007_survey,
	title={Survey of current network intrusion detection techniques},
	author={Kumar, Sailesh},
	journal={Washington Univ. in St. Louis},
	pages={1--18},
	year={2007}
}


@article{hindy_2020_taxonomy,
	title={A taxonomy of network threats and the effect of current datasets on intrusion detection systems},
	author={Hindy, Hanan and Brosset, David and Bayne, Ethan and Seeam, Amar Kumar and Tachtatzis, Christos and Atkinson, Robert and Bellekens, Xavier},
	journal={IEEE Access},
	volume={8},
	pages={104650--104675},
	year={2020},
	publisher={IEEE}
}



@article{fire_2014_online,
	title={Online social networks: threats and solutions},
	author={Fire, Michael and Goldschmidt, Roy and Elovici, Yuval},
	journal={IEEE Communications Surveys \& Tutorials},
	volume={16},
	number={4},
	pages={2019--2036},
	year={2014},
	publisher={IEEE}
}


@misc{cashell_2001_infosec,
	author = {Cashell, Brian and D. Jackson, William and Jickling, Mark  and Webel,  Baird },
	month = {04},
	title = {Infosec ISR Congress},
	url = {https://archive.nyu.edu/bitstream/2451/14999/2/Infosec_ISR_Congress.pdf},
	urldate = {2022-11-07},
	year = {2001}
}


@misc{ell_gallucci_2022, title={Cyber security breaches survey 2022}, url={https://www.gov.uk/government/statistics/cyber-security-breaches-survey-2022/cyber-security-breaches-survey-2022#overview}, journal={GOV.UK}, author={Ell, Maddy and Gallucci, Robbie}, year={2022}, month={Jul}} 




@article{mazumder2020spillover,
	title={The spillover effect of the Bangladesh Bank cyber heist on banks’ cyber risk disclosures in Bangladesh},
	author={Mazumder, Mohammed and Sobhan, Abdus},
	journal={Journal of Operational Risk},
	volume={15},
	number={4},
	year={2020}
}

@misc{_2021_security,
	author = {, readthedocs},
	title = {Security Onion Documentation Release 2.3},
	url = {https://readthedocs.org/projects/securityonion/downloads/pdf/2.3/},
	urldate = {2022-11-07},
	year = {2021}
}


@article{deuble_2012_detecting,
	title={Detecting and preventing web application attacks with security onion},
	author={Deuble, Ashley},
	journal={SANS Institute},
	volume={4},
	number={1},
	pages={26--33},
	year={2012}
}



@article{jansen_2018_testing,
	title={Testing the Security Onion},
	author={Jansen, Kayla},
	year={2018}
}


@article{singh_2010_agent,
	title={Agent based preventive measure for UDP flood attack in DDoS attacks},
	author={Singh, Aarti and Juneja, Dimple},
	journal={International Journal of Engineering Science and Technology},
	volume={2},
	number={8},
	pages={3405--3411},
	year={2010}
}
